% Encoding: UTF-8

@Article{Aviles2023,
  author = {Aviles Verdera, Jordina and Story, Lisa and Hall, Megan and others},
  title = {Reliability and Feasibility of Low-Field-Strength Fetal MRI at 0.55\,T during Pregnancy},
  journaltitle = {Radiology},
  volume = {309},
  number = {1},
  year = {2023},
  doi = {10.1148/radiol.223050},
  url = {https://doi.org/10.1148/radiol.223050},
}

@article{Billot2023,
	title = {SynthSeg: Segmentation of brain MRI scans of any contrast and resolution without retraining},
	author = {Billot, Benjamin and Greve, Douglas N. and Puonti, Oula and others},
	journaltitle = {Medical Image Analysis},
	year = {2023},
  volume = {86},
  doi = {10.1016/j.media.2023.102789},
  url = {https://www.sciencedirect.com/science/article/pii/S1361841523000506},
}

@Article{FeTA2020_review,
  author = {Payette, Kelly and de Dumast, Priscille and Kebiri, Hamza and others},
  title = {An automatic multi-tissue human fetal brain segmentation benchmark using the Fetal Tissue Annotation Dataset},
  journaltitle = {Scientific Data},
  year = {2021},
  number = {167},
  volume = {8},
  issue = {1},
  doi = {10.1038/s41597-021-00946-3},
  url = {https://doi.org/10.1038/s41597-021-00946-3},
}

@Article{FeTA2021_review,
  author = {Payette, Kelly and Hongwei, Bran Li and de Dumast, Priscille and others},
  title = {Fetal brain tissue annotation and segmentation challenge results},
  journaltitle = {Medical Image Analysis},
  year = {2023},
  volume = {88},
  doi = {https://doi.org/10.1016/j.media.2023.102833},
  url = {https://www.sciencedirect.com/science/article/pii/S1361841523000932},
}

@Article{FeTA2022_review,
  author = {Payette, Kelly and Steger, Céline and Licandro, Roxane and others},
  title = {Multi-Center Fetal Brain Tissue Annotation (FeTA) Challenge 2022 Results},
  journaltitle = {IEEE Transactions on Medical Imaging},
  year = {2024},
  doi = {10.1109/tmi.2024.3485554},
  url = {http://dx.doi.org/10.1109/TMI.2024.3485554},
}

@Article{Kuklisova2012,
  author = {Kuklisova-Murgasova, Maria and Quaghebeur, Géraldine and Rutherford, Mary A. and others},
  title = {Reconstruction of fetal brain MRI with intensity matching and complete outlier removal},
  journaltitle = {Medical Image Analysis},
  year = {2012},
  volume = {16},
  pages = {1550--1564},
  doi = {10.1016/j.media.2012.07.004},
  url = {https://doi.org/10.1016/j.media.2012.07.004},
}

@Article{Ouyang2023,
  author = {Ouyang, Cheng and Chen, Chen and Li, Surui and others},
  title = {Causality-Inspired Single-Source Domain Generalization for Medical Image Segmentation},
  journaltitle = {IEEE Transactions on Medical Imaging},
  year = {2023},
  volume = {42},
  issue = {4},
  pages = {1095--1106},
  doi = {10.1109/TMI.2022.3224067},
  url = {https://ieeexplore.ieee.org/document/9961940},
}

@Article{Ponrartana2023,
  author = {Ponrartana, Skorn and Nguyen, HaiThuy N. and Cui, Sophia X. and others},
  title = {Low-field 0.55\,T MRI evaluation of the fetus},
  journaltitle = {Pediatric Radiology},
  volume = {53},
  pages = {1469--1475},
  year = {2023},
  doi = {10.1007/s00247-023-05604-x},
  url = {https://doi.org/10.1007/s00247-023-05604-x},
}

@Article{Tourbier2015,
  author = {Tourbier, Sébastien and Bressonc, Xavier and Hagmann, Patric and others},
  title = {An efficient total variation algorithm for super-resolution in fetal brain MRI with adaptive regularization},
  journaltitle = {NeuroImage},
  year = {2015},
  volume = {118},
  pages = {584--597},
  doi = {10.1016/j.neuroimage.2015.06.018},
  url = {https://doi.org/10.1016/j.neuroimage.2015.06.018},
}

@Article{Wang2023,
  author = {Wang, Jindong and Lan, Cuiling and Liu, Chang and others},
  title = {Generalizing to Unseen Domains: A Survey on Domain Generalization},
  journaltitle = {IEEE Transactions on Knowledge and Data Engineering},
  year = {2023},
  volume = {35},
  number = {8},
  pages = {8052--8072},
  doi = {10.1109/TKDE.2022.3178128},
  url = {https://ieeexplore.ieee.org/document/9782500},
}

@article{Uus2022,
  author = {Uus, Alena U. and Grigorescu, Irina and {van Poppel}, Milou P.M. and others},
  title = {Automated 3D reconstruction of the fetal thorax in the standard atlas space from motion-corrupted MRI stacks for 21-36 weeks GA range},
  journaltitle = {Medical Image Analysis},
  volume = {80},
  year = {2022},
  doi = {https://doi.org/10.1016/j.media.2022.102484},
  url = {https://www.sciencedirect.com/science/article/pii/S1361841522001311},
}


%%%%%%%%%%%%%%%%%%%%%%%%%%%%%%%%%%%%%%%%%%%%%%%%%%%%%%%%%%%%%%%%%%%%%%%%%%%%%%

@Book{Bringhurst12,
  title     = {The Elements of Typographic Style},
  publisher = {Hartley \& Marks Publishers},
  year      = {2012},
  author    = {Robert Bringhurst},
  address   = {Vancouver, British Columbia, Canada},
  edition   = {4},
}

%%%%%%%%%%%%%%%%%%%%%%%%%%%%%%%%%%%%%%%%%%%%%%%%%%%%%%%%%%%%%%%%%%%%%%%%%%%%%%

@InProceedings{Payette2020,
  author = {Payette, Kelly and Kottke, Raimund and Jakab, Andras},
  editor = {Hu, Yipeng and Licandro, Roxane and Noble, J. Alison and others},
  title = {Efficient Multi-class Fetal Brain Segmentation in High Resolution MRI Reconstructions with Noisy Labels},
  booktitle = {Medical Ultrasound, and Preterm, Perinatal and Paediatric Image Analysis},
  year = {2020},
  publisher = {Springer International Publishing},
  pages = {295--304},
  doi = {10.1007/978-3-030-60334-2_29},
  url = {https://doi.org/10.1007/978-3-030-60334-2_29},
}

%%%%%%%%%%%%%%%%%%%%%%%%%%%%%%%%%%%%%%%%%%%%%%%%%%%%%%%%%%%%%%%%%%%%%%%%%%%%%%

@Misc{FeTA2024_paper,
  author = {Bach Cuadra, Meritxell and Payette, Kelly and Jakab, Andras and others},
  title = {Fetal Tissue Annotation Challenge: Structured
description of the challenge design},
  year         = {2024},
  publisher    = {Zenodo},
  doi          = {10.5281/zenodo.10986046},
  url          = {https://doi.org/10.5281/zenodo.10986046},
}

%%%%%%%%%%%%%%%%%%%%%%%%%%%%%%%%%%%%%%%%%%%%%%%%%%%%%%%%%%%%%%%%%%%%%%%%%%%%%%

@Online{FeTA2021,
  title = {FeTA 2021 Challenge},
  url = {https://feta.grand-challenge.org/feta-2021/},
  urldate = {2025-02-21},
}

@Online{FeTA2022,
  title = {FeTA 2022 Challenge},
  url = {https://feta.grand-challenge.org/feta-2022/},
  urldate = {2025-02-21},
}

@Online{FeTA2024,
  title = {FeTA 2024 Challenge},
  url = {https://fetachallenge.github.io/},
  urldate = {2025-01-29},
}

@Online{MICCAI,
  title = {\textsc{miccai}: Medical Image Computing and Computer-Assisted Intervention},
  url = {https://miccai.org/},
  urldate = {2025-01-29},
}

%%%%%%%%%%%%%%%%%%%%%%%%%%%%%%%%%%%%%%%%%%%%%%%%%%%%%%%%%%%%%%%%%%%%%%%%%%%%%%

@Software{MIALSRTK,
  author = {Deman, Pierre and Tourbier, Sebastien and Meuli, Reto and Bach Cuadra, Meritxell},
  title = {meribach/mevislabFetalMRI: \textsc{mevislab mial} Super-Resolution Reconstruction of Fetal Brain MRI v1.0},
  year = {2020},
  publisher = {Zenodo},
  version = {v1.0},
  doi = {10.5281/zenodo.3878564},
  url = {https://doi.org/10.5281/zenodo.3878564},
}

@Software{irtk-simple,
  author = {Kuklisova-Murgasova, Maria},
  title = {\textsc{simple irtk}},
  year = {2019},
  publisher = {GitLab},
  url = {https://gitlab.com/mariadeprez/irtk-simple},
}

@Comment{jabref-meta: databaseType:bibtex;}
